
@misc {Occidental2022Comps,
   url = {https://oxy.smartcatalogiq.com/2021-2022/Catalog/Academic-Information-and-Policies/Bachelor-of-Arts-Degree/Comprehensive-Requirement},
   year = {2021},
   title = {Comprehensive Requirement},
   author = {{Occidental College}},
}

@article {Dorrell2020,
    url = {https://pubmed.ncbi.nlm.nih.gov/30946276/},
    year = {2020},
    title = {Comparison of Velocity-Based and Traditional Percentage-Based Loading Methods on Maximal Strength and Power Adaptations},
    author = {Dorell, H.F and Smith, M.F and Gee, T.I},
    journal = {J Strength Cond Res.},
}

@article {Kuhler2022,
    url = {https://doi.org/10.1111/bioe.12886},
    year = {2022},
    title = {Exploring the phenomenon and ethical issues of AI paternalism in health apps},
    author = {Kühler, M.},
    journal = {Bioethics},
}

@article{Courel-Ibanez2020,
    url = {https://doi.org/10.1007/s10439-019-02305-1},
    year = {2020},
    title = {Technical Note on the Reliability of the PowerLift App for Velocity-Based Resistance Training Purposes: Response.},
    author = {Courel-Ibáñez, J. and Martínez-Cava, A. and Hernández-Belmonte, A.},
    journal = {Ann Biomed Eng 48},
}

@article{Nikolajsen2021,
    url = {https://doi.org/10.3390/ijerph18147341},
    year = {2021},
    title = {Barriers to, and Facilitators of, Exercising in Fitness Centres among Adults with and without Physical Disabilities: A Scoping Review. International journal of environmental research and public health},
    author = {Nikolajsen, H. and Sandal, L. F. and Juhl, C. B. and Troelsen, J. and Juul-Kristensen, B.},
}

@article{Alshayban2020,
    url = {https://dl.acm.org/doi/pdf/10.1145/3377811.3380392},
    year = {2020},
    title = {Accessibility Issues in Android Apps:
State of Affairs, Sentiments, and Ways Forward},
    author = {Alshayban, A. and Ahmed, I. and Malek, S.},
    journal = {IEEE},
}

@article{Martinez-Cava2020,
    year = {2020},
    title = {Reliability of technologies to measure the barbell velocity: Implications for monitoring resistance training.},
    author = {Martínez-Cava A, and Hernández-Belmonte A and Courel-Ibáñez J and Morán-Navarro R and González-Badillo JJ and Pallarés JG.},
    journal = {PLoS One.},
}

@article{Weakley2021,
    year = {2021},
    title = {The Validity and Reliability of Commercially Available Resistance Training Monitoring Devices: A Systematic Review.},
    author = {Weakley, J. and Morrison, M. and García-Ramos, A.},
    journal = {Sports Med 51},
}

@article{Nuckols2019,
    url = {https://www.strongerbyscience.com/velocity-autoregulation/},
    title = {Using Velocity To Autoregulate May Increase Strength Gains},
    year = {2019},
    author = {Nuckols, G.},
}

@article{Schaar2010,
    url = {https://doi.org/10.1007/s12394-010-0055-x},
    title = {Privacy by Design},
    year = {2010},
    author = {Schaar, P.},
}



